@ARTICLE{almgren:2010,
   author = {{Almgren}, A.~S. and {Beckner}, V.~E. and {Bell}, J.~B. and 
{Day}, M.~S. and {Howell}, L.~H. and {Joggerst}, C.~C. and {Lijewski}, M.~J. and 
{Nonaka}, A. and {Singer}, M. and {Zingale}, M.},
    title = "{CASTRO: A New Compressible Astrophysical Solver. I. Hydrodynamics and Self-gravity}",
  journal = {Astrophys J},
archivePrefix = "arXiv",
   eprint = {1005.0114},
 primaryClass = "astro-ph.IM",
 keywords = {equation of state, gravitation, hydrodynamics, methods: numerical, nuclear reactions, nucleosynthesis, abundances},
     year = 2010,
    month = jun,
   volume = 715,
    pages = {1221-1238},
      doi = {10.1088/0004-637X/715/2/1221},
   adsurl = {http://adsabs.harvard.edu/abs/2010ApJ...715.1221A},
  adsnote = {Provided by the SAO/NASA Astrophysics Data System}
}

@ARTICLE{colella:1990,
   author = {{Colella}, P.},
    title = "{Multidimensional upwind methods for hyperbolic conservation laws}",
  journal = {Journal of Computational Physics},
 keywords = {ADVECTION, BOUNDARY VALUE PROBLEMS, COMPUTATIONAL GRIDS, CONSERVATION LAWS, FINITE DIFFERENCE THEORY, HYPERBOLIC FUNCTIONS, ALGORITHMS, CAUCHY PROBLEM, PREDICTOR-CORRECTOR METHODS},
     year = 1990,
    month = mar,
   volume = 87,
    pages = {171-200},
      doi = {10.1016/0021-9991(90)90233-Q},
   adsurl = {http://adsabs.harvard.edu/abs/1990JCoPh..87..171C},
  adsnote = {Provided by the SAO/NASA Astrophysics Data System}
}


@ARTICLE{colellaglaz:1985,
   author = {{Colella}, P. and {Glaz}, H.~M.},
    title = "{Efficient solution algorithms for the Riemann problem for real gases}",
  journal = {Journal of Computational Physics},
 keywords = {CAUCHY PROBLEM, COMPRESSIBLE FLOW, EQUATIONS OF STATE, GAS DYNAMICS, INVISCID FLOW, POLYTROPIC PROCESSES, ALGORITHMS, BOUNDARY VALUE PROBLEMS, CARTESIAN COORDINATES, FINITE DIFFERENCE THEORY, JACOBI MATRIX METHOD, RANKINE-HUGONIOT RELATION, SHOCK TUBES, SHOCK WAVES},
     year = 1985,
    month = jun,
   volume = 59,
    pages = {264-289},
      doi = {10.1016/0021-9991(85)90146-9},
   adsurl = {http://adsabs.harvard.edu/abs/1985JCoPh..59..264C},
  adsnote = {Provided by the SAO/NASA Astrophysics Data System}
}


@ARTICLE{colellawoodward:1984,
   author = {{Colella}, P. and {Woodward}, P.~R.},
    title = "{The Piecewise Parabolic Method (PPM) for Gas-Dynamical Simulations}",
  journal = {Journal of Computational Physics},
     year = 1984,
    month = sep,
   volume = 54,
    pages = {174-201},
      doi = {10.1016/0021-9991(84)90143-8},
   adsurl = {http://adsabs.harvard.edu/abs/1984JCoPh..54..174C},
  adsnote = {Provided by the SAO/NASA Astrophysics Data System}
}


@ARTICLE{millercolella:2002,
   author = {{Miller}, G.~H. and {Colella}, P.},
    title = "{A Conservative Three-Dimensional Eulerian Method for Coupled Solid-Fluid Shock Capturing}",
  journal = {Journal of Computational Physics},
     year = 2002,
    month = nov,
   volume = 183,
    pages = {26-82},
      doi = {10.1006/jcph.2002.7158},
   adsurl = {http://adsabs.harvard.edu/abs/2002JCoPh.183...26M},
  adsnote = {Provided by the SAO/NASA Astrophysics Data System}
}


@ARTICLE{saltzman:1994,
   author = {{Saltzman}, J.},
    title = "{An Unsplit 3D Upwind Method for Hyperbolic Conservation Laws}",
  journal = {Journal of Computational Physics},
     year = 1994,
    month = nov,
   volume = 115,
    pages = {153-168},
      doi = {10.1006/jcph.1994.1184},
   adsurl = {http://adsabs.harvard.edu/abs/1994JCoPh.115..153S},
  adsnote = {Provided by the SAO/NASA Astrophysics Data System}
}


@Book{toro:1997,
  author =       {E. F. Toro},
  title =        {Riemann Solvers and Numerical Methods for Fluid Dynamics},
  publisher =    {Springer},
  year =         {1997},
}

@book{leveque:2002,
  author = {Randall J. LeVeque},
  publisher = {Cambridge University Press },
  title = {Finite-Volume Methods for Hyperbolic Problems},
  year = 2002
}


@ARTICLE{plewamuller:1999,
   author = {{Plewa}, T. and {M{\"u}ller}, E.},
    title = "{The consistent multi-fluid advection method}",
  journal = {Astron Astrophys},
   eprint = {arXiv:astro-ph/9807241},
 keywords = {HYDRODYNAMICS, NUCLEAR REACTIONS, NUCLEOSYNTHESIS, ABUNDANCES, METHODS: NUMERICAL, STARS: SUPERNOVAE: GENERAL},
     year = 1999,
    month = feb,
   volume = 342,
    pages = {179-191},
   adsurl = {http://adsabs.harvard.edu/abs/1999A%26A...342..179P},
  adsnote = {Provided by the SAO/NASA Astrophysics Data System}
}

@ARTICLE{bryan:1995,
   author = {{Bryan}, G.~L. and {Norman}, M.~L. and {Stone}, J.~M. and {Cen}, R. and 
{Ostriker}, J.~P.},
    title = "{A piecewise parabolic method for cosmological hydrodynamics}",
  journal = {Computer Physics Communications},
     year = 1995,
    month = aug,
   volume = 89,
    pages = {149-168},
      doi = {10.1016/0010-4655(94)00191-4},
   adsurl = {http://adsabs.harvard.edu/abs/1995CoPhC..89..149B},
  adsnote = {Provided by the SAO/NASA Astrophysics Data System}
}

@ARTICLE{BCG,
   author = {{Bell}, J.~B. and {Colella}, P. and {Glaz}, H.~M.},
    title = "{A Second Order Projection Method for the Incompressible Navier-Stokes Equations}",
  journal = {Journal of Computational Physics},
     year = 1989,
    month = dec,
   volume = 85,
    pages = {257},
      doi = {10.1016/0021-9991(89)90151-4},
   adsurl = {http://adsabs.harvard.edu/abs/1989JCoPh..85..257B},
  adsnote = {Provided by the SAO/NASA Astrophysics Data System}
}


@INPROCEEDINGS{BCH,
        AUTHOR = {J. B. Bell and P. Colella and L. H. Howell},
        TITLE = {An efficient second-order projection method
         for viscous incompressible flow},
        YEAR = {1991},
        BOOKTITLE = {Proceedings of the Tenth AIAA Computational
                     Fluid Dynamics Conference},
        MONTH = Jun,
        ORGANIZATION = {AIAA},
        PAGES = {360--367},
        note = {see also: https://seesar.lbl.gov/anag/publications/colella/A\_2\_10.pdf}
}

@ARTICLE{ABS,
        TITLE = {A numerical method for the incompressible {N}avier-{S}tokes
        equations based on an approximate projection},
        AUTHOR = {A. S. Almgren and J. B. Bell and W. G. Szymczak},
        YEAR = {1996},
        VOLUME = {17},
        NUMBER = {2},
        MONTH = Mar,
        JOURNAL = {SIAM J. Sci. Comput.},
        PAGES = {358--369}
}

@ARTICLE{chorin:1968,
        AUTHOR = {A. J. Chorin},
        TITLE = {Numerical Solution of the {N}avier-{S}tokes Equations},
        JOURNAL = {Math. Comp.},
        VOLUME = {22},
        PAGES = {745--762},
        YEAR = {1968}
}

@ARTICLE{MartinColella,
   author = {{Martin}, D.~F. and {Colella}, P.},
    title = "{A Cell-Centered Adaptive Projection Method for the Incompressible Euler Equations}",
  journal = {Journal of Computational Physics},
     year = 2000,
    month = sep,
   volume = 163,
    pages = {271-312},
      doi = {10.1006/jcph.2000.6575},
   adsurl = {http://adsabs.harvard.edu/abs/2000JCoPh.163..271M},
  adsnote = {Provided by the SAO/NASA Astrophysics Data System}
}

@TECHREPORT{rider,
    author = {{Rider}, W.~J. },
    title = {Approximate Projection Methods for Incompressible Flow: Implementation, Variants and Robustness.},
    institution = {LANL UNCLASSIFIED REPORT LA-UR-94-2000, LOS ALAMOS NATIONAL LABORATORY},
    year = {1995}
}


@ARTICLE{ABC,
author =   {A. S. Almgren and J. B. Bell and W. Y. Crutchfield},
title =    {Approximate Projection Methods: Part {I}. {I}nviscid Analysis},
journal =  {SIAM J. Sci. Comput.},
volume={22},
number={4},
pages={1139--59},
year =     {2000}
}


@article{BellMarcus,
title = "A second-order projection method for variable-density flows",
journal = "Journal of Computational Physics",
volume = "101",
number = "2",
pages = "334 - 348",
year = "1992",
note = "",
issn = "0021-9991",
doi = "10.1016/0021-9991(92)90011-M",
url = "http://www.sciencedirect.com/science/article/pii/002199919290011M",
author = "Bell, J.~B. and Marcus, D.~L."
}

@Article{Bell:2004,
  author  =      {J.~B. Bell and M.~S. Day and C.~A. Rendleman and
                  S.~E. Woosley and M.~A. Zingale},
  title   =      {Adaptive low {M}ach number simulations of nuclear flame microphysics},
  journal =      {Journal of Computational Physics},
  year    =      {2004},
  volume  =      {195},
  number  =      {2},
  pages   =      {677-694}
}

@Article{pember-flame,
  author =       {R. B. Pember and L. H. Howell and J. B. Bell and
                  P. Colella and W. Y. Crutchfield and W. A. Fiveland
                  and J. P. Jessee},
  title =        {An Adaptive Projection Method for Unsteady
                  Low-{M}ach Number Combustion},
  journal =      {Comb. Sci. Tech.},
  volume =       {140},
  pages =        {123--168},
  year =         {1998},
}

@ARTICLE{DayBell:2000,
  author={M. S. Day and J. B. Bell},
  title={Numerical simulation of laminar reacting flows with complex chemistry},
  journal={Combust. Theory Modelling},
  volume={4},
  number={4},
  pages={535-556},
  year={2000}
 }

@ARTICLE{minion:1996,
   author = {{Minion}, M.~L.},
    title = "{A Projection Method for Locally Refined Grids}",
  journal = {Journal of Computational Physics},
     year = 1996,
   volume = 127,
    pages = {158--177}
}

