@ARTICLE{almgren:2010,
   author = {{Almgren}, A.~S. and {Beckner}, V.~E. and {Bell}, J.~B. and 
{Day}, M.~S. and {Howell}, L.~H. and {Joggerst}, C.~C. and {Lijewski}, M.~J. and 
{Nonaka}, A. and {Singer}, M. and {Zingale}, M.},
    title = "{CASTRO: A New Compressible Astrophysical Solver. I. Hydrodynamics and Self-gravity}",
  journal = {Astrophys J},
archivePrefix = "arXiv",
   eprint = {1005.0114},
 primaryClass = "astro-ph.IM",
 keywords = {equation of state, gravitation, hydrodynamics, methods: numerical, nuclear reactions, nucleosynthesis, abundances},
     year = 2010,
    month = jun,
   volume = 715,
    pages = {1221-1238},
      doi = {10.1088/0004-637X/715/2/1221},
   adsurl = {http://adsabs.harvard.edu/abs/2010ApJ...715.1221A},
  adsnote = {Provided by the SAO/NASA Astrophysics Data System}
}

@ARTICLE{colella:1990,
   author = {{Colella}, P.},
    title = "{Multidimensional upwind methods for hyperbolic conservation laws}",
  journal = {Journal of Computational Physics},
 keywords = {ADVECTION, BOUNDARY VALUE PROBLEMS, COMPUTATIONAL GRIDS, CONSERVATION LAWS, FINITE DIFFERENCE THEORY, HYPERBOLIC FUNCTIONS, ALGORITHMS, CAUCHY PROBLEM, PREDICTOR-CORRECTOR METHODS},
     year = 1990,
    month = mar,
   volume = 87,
    pages = {171-200},
      doi = {10.1016/0021-9991(90)90233-Q},
   adsurl = {http://adsabs.harvard.edu/abs/1990JCoPh..87..171C},
  adsnote = {Provided by the SAO/NASA Astrophysics Data System}
}


@ARTICLE{colellaglaz:1985,
   author = {{Colella}, P. and {Glaz}, H.~M.},
    title = "{Efficient solution algorithms for the Riemann problem for real gases}",
  journal = {Journal of Computational Physics},
 keywords = {CAUCHY PROBLEM, COMPRESSIBLE FLOW, EQUATIONS OF STATE, GAS DYNAMICS, INVISCID FLOW, POLYTROPIC PROCESSES, ALGORITHMS, BOUNDARY VALUE PROBLEMS, CARTESIAN COORDINATES, FINITE DIFFERENCE THEORY, JACOBI MATRIX METHOD, RANKINE-HUGONIOT RELATION, SHOCK TUBES, SHOCK WAVES},
     year = 1985,
    month = jun,
   volume = 59,
    pages = {264-289},
      doi = {10.1016/0021-9991(85)90146-9},
   adsurl = {http://adsabs.harvard.edu/abs/1985JCoPh..59..264C},
  adsnote = {Provided by the SAO/NASA Astrophysics Data System}
}


@ARTICLE{colellawoodward:1984,
   author = {{Colella}, P. and {Woodward}, P.~R.},
    title = "{The Piecewise Parabolic Method (PPM) for Gas-Dynamical Simulations}",
  journal = {Journal of Computational Physics},
     year = 1984,
    month = sep,
   volume = 54,
    pages = {174-201},
      doi = {10.1016/0021-9991(84)90143-8},
   adsurl = {http://adsabs.harvard.edu/abs/1984JCoPh..54..174C},
  adsnote = {Provided by the SAO/NASA Astrophysics Data System}
}


@ARTICLE{millercolella:2002,
   author = {{Miller}, G.~H. and {Colella}, P.},
    title = "{A Conservative Three-Dimensional Eulerian Method for Coupled Solid-Fluid Shock Capturing}",
  journal = {Journal of Computational Physics},
     year = 2002,
    month = nov,
   volume = 183,
    pages = {26-82},
      doi = {10.1006/jcph.2002.7158},
   adsurl = {http://adsabs.harvard.edu/abs/2002JCoPh.183...26M},
  adsnote = {Provided by the SAO/NASA Astrophysics Data System}
}


@ARTICLE{saltzman:1994,
   author = {{Saltzman}, J.},
    title = "{An Unsplit 3D Upwind Method for Hyperbolic Conservation Laws}",
  journal = {Journal of Computational Physics},
     year = 1994,
    month = nov,
   volume = 115,
    pages = {153-168},
      doi = {10.1006/jcph.1994.1184},
   adsurl = {http://adsabs.harvard.edu/abs/1994JCoPh.115..153S},
  adsnote = {Provided by the SAO/NASA Astrophysics Data System}
}


@Book{toro:1997,
  author =       {E. F. Toro},
  title =        {Riemann Solvers and Numerical Methods for Fluid Dynamics},
  publisher =    {Springer},
  year =         {1997},
}

@book{leveque:2002,
  author = {Randall J. LeVeque},
  publisher = {Cambridge University Press },
  title = {Finite-Volume Methods for Hyperbolic Problems},
  year = 2002
}


@ARTICLE{plewamuller:1999,
   author = {{Plewa}, T. and {M{\"u}ller}, E.},
    title = "{The consistent multi-fluid advection method}",
  journal = {Astron Astrophys},
   eprint = {arXiv:astro-ph/9807241},
 keywords = {HYDRODYNAMICS, NUCLEAR REACTIONS, NUCLEOSYNTHESIS, ABUNDANCES, METHODS: NUMERICAL, STARS: SUPERNOVAE: GENERAL},
     year = 1999,
    month = feb,
   volume = 342,
    pages = {179-191},
   adsurl = {http://adsabs.harvard.edu/abs/1999A%26A...342..179P},
  adsnote = {Provided by the SAO/NASA Astrophysics Data System}
}

@ARTICLE{bryan:1995,
   author = {{Bryan}, G.~L. and {Norman}, M.~L. and {Stone}, J.~M. and {Cen}, R. and 
{Ostriker}, J.~P.},
    title = "{A piecewise parabolic method for cosmological hydrodynamics}",
  journal = {Computer Physics Communications},
     year = 1995,
    month = aug,
   volume = 89,
    pages = {149-168},
      doi = {10.1016/0010-4655(94)00191-4},
   adsurl = {http://adsabs.harvard.edu/abs/1995CoPhC..89..149B},
  adsnote = {Provided by the SAO/NASA Astrophysics Data System}
}


@ARTICLE{hse,
   author = {{Zingale}, M. and {Dursi}, L.~J. and {ZuHone}, J. and {Calder}, A.~C. and 
{Fryxell}, B. and {Plewa}, T. and {Truran}, J.~W. and {Caceres}, A. and 
{Olson}, K. and {Ricker}, P.~M. and {Riley}, K. and {Rosner}, R. and 
{Siegel}, A. and {Timmes}, F.~X. and {Vladimirova}, N.},
    title = "{Mapping Initial Hydrostatic Models in Godunov Codes}",
  journal = {Astrophys J Suppl S},
   eprint = {arXiv:astro-ph/0208031},
 keywords = {Hydrodynamics, Methods: Numerical, Stellar Dynamics},
     year = 2002,
    month = dec,
   volume = 143,
    pages = {539-565},
      doi = {10.1086/342754},
   adsurl = {http://adsabs.harvard.edu/abs/2002ApJS..143..539Z},
  adsnote = {Provided by the SAO/NASA Astrophysics Data System}
}


@ARTICLE{athena,
   author = {{Stone}, J.~M. and {Gardiner}, T.~A. and {Teuben}, P. and {Hawley}, J.~F. and 
{Simon}, J.~B.},
    title = "{Athena: A New Code for Astrophysical MHD}",
  journal = {Astrophys J Suppl S},
archivePrefix = "arXiv",
   eprint = {0804.0402},
 keywords = {Hydrodynamics, Magnetohydrodynamics: MHD, Methods: Numerical},
     year = 2008,
    month = sep,
   volume = 178,
    pages = {137-177},
      doi = {10.1086/588755},
   adsurl = {http://adsabs.harvard.edu/abs/2008ApJS..178..137S},
  adsnote = {Provided by the SAO/NASA Astrophysics Data System}
}

@ARTICLE{colellasekora,
   author = {{Colella}, P. and {Sekora}, M.~D.},
    title = "{A limiter for PPM that preserves accuracy at smooth extrema}",
  journal = {Journal of Computational Physics},
     year = 2008,
    month = jul,
   volume = 227,
    pages = {7069-7076},
      doi = {10.1016/j.jcp.2008.03.034},
   adsurl = {http://adsabs.harvard.edu/abs/2008JCoPh.227.7069C},
  adsnote = {Provided by the SAO/NASA Astrophysics Data System}
}
